@TechReport{xpath,
  author      = "Jerome Simeon and Anders Berglund and Michael Kay and Mary Fernandez and Scott Boag and Jonathan Robie and Don Chamberlin",
  title       = "{XML} Path Language ({XPath}) 2.0 (Second Edition)",
  month       = dec,
  note        = "http://www.w3.org/TR/2010/REC-xpath20-20101214/",
  year        = "2010",
  bibsource   = "http://w2.syronex.com/jmr/w3c-biblio",
  type        = "{W3C} Recommendation",
  institution = "W3C",
}

@TechReport{xpath-functions,
  author      = "Norman Walsh and Jim Melton and Ashok Malhotra and Michael Kay",
  title       = "{XQuery} 1.0 and {XPath} 2.0 Functions and Operators (Second Edition)",
  month       = dec,
  note        = "http://www.w3.org/TR/2010/REC-xpath-functions-20101214/",
  year        = "2010",
  bibsource   = "http://w2.syronex.com/jmr/w3c-biblio",
  type        = "{W3C} Recommendation",
  institution = "W3C",
}

@TechReport{xpath-datamodel,
  author      = "Mary Fernandez and Ashok Malhotra and Anders Berglund and Jonathan Marsh and Marton Nagy and Norman Walsh",
  title       = "{XQuery} 1.0 and {XPath} 2.0 Data Model ({XDM}) (Second Edition)",
  month       = dec,
  note        = "http://www.w3.org/TR/2010/REC-xpath-datamodel-20101214/",
  year        = "2010",
  bibsource   = "http://w2.syronex.com/jmr/w3c-biblio",
  type        = "{W3C} Recommendation",
  institution = "W3C",
}

@TechReport{xpath-semantics,
  author      = "Jerome Simeon and Michael Dyck and Ashok Malhotra and Kristoffer Rose and Mary Fernandez and Denise Draper and Peter Fankhauser and Michael Rys and Philip Wadler",
  title       = "{XQuery} 1.0 and {XPath} 2.0 Formal Semantics (Second Edition)",
  month       = dec,
  note        = "http://www.w3.org/TR/2010/REC-xquery-semantics-20101214/",
  year        = "2010",
  bibsource   = "http://w2.syronex.com/jmr/w3c-biblio",
  type        = "{W3C} Recommendation",
  institution = "W3C",
}

Good discussion on algorithms for XPath as a whole.
@article{efficient,
  title={Efficient algorithms for processing XPath queries},
  author={Gottlob, Georg and Koch, Christoph and Pichler, Reinhard},
  journal={ACM Transactions on Database Systems (TODS)},
  volume={30},
  number={2},
  pages={444--491},
  year={2005},
  publisher={ACM}
}

Streaming is likely closer to how I will have to treat a filesystem.
@inproceedings{peng2003xpath,
  title={XPath queries on streaming data},
  author={Peng, Feng and Chawathe, Sudarshan S},
  booktitle={Proceedings of the 2003 ACM SIGMOD international conference on Management of data},
  pages={431--442},
  year={2003},
  organization={ACM}
}

Linear time?
@article{bojanczyk2011xpath,
  title={XPath evaluation in linear time},
  author={Boja{\'n}czyk, Miko{\l}aj and Parys, Pawe{\l}},
  journal={Journal of the ACM (JACM)},
  volume={58},
  number={4},
  pages={17},
  year={2011},
  publisher={ACM}
}

@misc{nex,
  title={Nex},
  author={Lynn, Ben},
  note        = "http://crypto.stanford.edu/~blynn/nex/",
  publisher={Bell Laboratories Murray Hill, NJ}
}

@misc{lex,
  title={Lex: A lexical analyzer generator},
  author={Lesk, Michael E and Schmidt, Eric},
  year={1975},
  publisher={Bell Laboratories Murray Hill, NJ}
}

@book{yacc,
  title={Yacc: Yet another compiler-compiler},
  author={Johnson, Stephen C},
  volume={32},
  year={1975},
  publisher={Bell Laboratories Murray Hill, NJ}
}

@article{ext,
  title={Extending your markup: An XML tutorial},
  author={Bergholz, Andr{\'e}},
  journal={IEEE Internet Computing},
  volume={4},
  number={4},
  pages={74},
  year={2000},
  publisher={IEEE Computer Society}
}

@article{sgml,
  title={Why use SGML?},
  author={Barron, David},
  journal={Electronic Publishing},
  volume={2},
  number={1},
  pages={3--24},
  year={1989}
}

@article{html5,
  title={HTML 5, One Vocabulary, Two Serializations},
  author={Dubost, Karl},
  journal={W3C Blog},
  year={2008},
  month={January},
  date={15}
}